@book{bird21,
  author = {Bird, John},
  title = {Bird's Higher Engineering Mathematics},
  year = {2021},
  edition = {9th},
  publisher = {Routledge}
}

@book{stroud13,
  author = {Stroud, Kenneth A and Booth, Dexter J},
  title = {Engineering Mathematics},
  year = {2013},
  edition = {7th},
  publisher = {Palgrave Macmillan}
}

@book{lock21,
  author = {Lock, Robin H and Lock, Patti Frazer and Morgan, Kari Lock and Lock, Eric F and Lock, Dennis F},
  title = {Statistics: Unlocking the Power of Data},
  year = {2021},
  edition = {3rd},
  publisher = {Wiley}
}
