@book{bird21,
  author = {Bird, John},
  title = {Bird's Higher Engineering Mathematics},
  year = {2021},
  edition = {9th},
  publisher = {Routledge}
}


@book{saeed05,
  author = {Ghahramani, Saeed},
  title = {Fundamentals of Probability with Stochastic Processes},
  year = {2005},
  edition = {3rd},
  publisher = {Pearson Prentice Hall}
}
